<?xml version="1.0" encoding="UTF-8"?><record xmlns="http://www.loc.gov/MARC21/slim" xmlns:cinclude="http://apache.org/cocoon/include/1.0" xmlns:zs="http://www.loc.gov/zing/srw/">
  <leader>00418nz  a2200133n  4500</leader>
  <controlfield tag="001">no2009052333</controlfield>
  <controlfield tag="003">DLC</controlfield>
  <controlfield tag="005">20090405075619.0</controlfield>
  <controlfield tag="008">090403n| acannaabn          |n aaa     c</controlfield>
  <datafield tag="010" ind1=" " ind2=" ">
    <subfield code="a">no2009052333</subfield>
  </datafield>
  <datafield tag="035" ind1=" " ind2=" ">
    <subfield code="a">(OCoLC)oca08067063</subfield>
  </datafield>
  <datafield tag="040" ind1=" " ind2=" ">
    <subfield code="a">NBuU</subfield>
    <subfield code="b">eng</subfield>
    <subfield code="c">NBuU</subfield>
  </datafield>
  <datafield tag="100" ind1="1" ind2=" ">
    <subfield code="a">Renkel, Harold E.</subfield>
  </datafield>
  <datafield tag="670" ind1=" " ind2=" ">
    <subfield code="a">Numerical analysis of flow and pressure fields in an idealized spiral-grooved pumping seal, 1971:</subfield>
    <subfield code="b">t.p. (Harold E. Renkel)</subfield>
  </datafield>
</record>